@article{MengYang2024,
  title={Quantum spin representation for the Navier-Stokes equation},
  author={Meng, Zhikang and Yang, Yue},
  journal={Physical Review Research},
  volume={6},
  pages={043130},
  year={2024},
  doi={10.1103/PhysRevResearch.6.043130},
  eprint={2403.00596},
  archivePrefix={arXiv},
  primaryClass={physics.flu-dyn}
}

@article{GibbonsHawking1977,
  title={Action integrals and partition functions in quantum gravity},
  author={Gibbons, G. W. and Hawking, S. W.},
  journal={Physical Review D},
  volume={15},
  number={10},
  pages={2752--2756},
  year={1977},
  doi={10.1103/PhysRevD.15.2752}
}

@article{Hawking1975,
  title={Particle creation by black holes},
  author={Hawking, S. W.},
  journal={Communications in Mathematical Physics},
  volume={43},
  number={3},
  pages={199--220},
  year={1975},
  doi={10.1007/BF02345020}
}

@article{OsterwalderSchrader1973,
  title={Axioms for Euclidean Green's functions},
  author={Osterwalder, Konrad and Schrader, Robert},
  journal={Communications in Mathematical Physics},
  volume={31},
  number={2},
  pages={83--112},
  year={1973},
  doi={10.1007/BF01645738}
}

@article{FluidGravity2005,
  title={Viscosity in strongly interacting quantum field theories from black hole physics},
  author={Kovtun, P. and Son, Dam T. and Starinets, A. O.},
  journal={Physical Review Letters},
  volume={94},
  pages={111601},
  year={2005},
  doi={10.1103/PhysRevLett.94.111601},
  eprint={hep-th/0405231},
  archivePrefix={arXiv}
}

@book{MembraneParadigm1986,
  title={The membrane paradigm for black holes},
  author={Thorne, Kip S. and Price, Richard H. and Macdonald, Douglas A.},
  journal={Black Holes: The Membrane Paradigm},
  year={1986},
  publisher={Yale University Press}
}

@article{NavierStokesMillennium,
  title={Existence and smoothness of the Navier-Stokes equation},
  author={Fefferman, Charles L.},
  journal={Clay Mathematics Institute Millennium Problems},
  year={2000},
  url={http://www.claymath.org/millennium-problems}
}

@article{BojowaladBrahma2016,
  title={Signature change in loop quantum gravity},
  author={Bojowald, Martin and Brahma, Suddhasattwa},
  journal={Physical Review D},
  volume={93},
  pages={125001},
  year={2016},
  doi={10.1103/PhysRevD.93.125001},
  eprint={1602.02333},
  archivePrefix={arXiv},
  primaryClass={gr-qc}
}

@article{HartleHawking1983,
  title={Wave function of the Universe},
  author={Hartle, J. B. and Hawking, S. W.},
  journal={Physical Review D},
  volume={28},
  number={12},
  pages={2960--2975},
  year={1983},
  doi={10.1103/PhysRevD.28.2960}
}

@article{Kerr1963,
  title={Gravitational field of a spinning mass as an example of algebraically special metrics},
  author={Kerr, Roy P.},
  journal={Physical Review Letters},
  volume={11},
  number={5},
  pages={237--238},
  year={1963},
  doi={10.1103/PhysRevLett.11.237}
}

@article{SternGerlach1924,
  title={{\"U}ber die Richtungsquantelung im Magnetfeld},
  author={Gerlach, Walther and Stern, Otto},
  journal={Annalen der Physik},
  volume={379},
  number={25},
  pages={673--699},
  year={1924},
  doi={10.1002/andp.19243791602}
}

@article{NeebOlafsson2018,
  title={Reflection Positivity--A Representation Theoretic Perspective},
  author={Neeb, Karl-Hermann and {\'O}lafsson, Gestur},
  journal={arXiv preprint arXiv:1802.09037},
  year={2018},
  eprint={1802.09037},
  archivePrefix={arXiv},
  primaryClass={math.RT},
  url={https://arxiv.org/abs/1802.09037}
}

